@book{sonsec,
	author = {Schneier, Bruce},
	title = "{Applied Cryptography (2Nd Ed.): Protocols, Algorithms, and Source 
		Code in C}",
	year = {1995},
	isbn = {0-471-11709-9},
	publisher = {John Wiley \& Sons, Inc.},
	address = {New York, NY, USA},
} 

@book{neap,
	author = "Richard E. Neapolitan",
	title = "Foundations of Algorithms",
	publisher = "Jones \& Bartlett Learning",
	address = "Burlington, MA",
	year = 2015
}

@article{fastrsa,
	author = "S.B. Mohan and B.S. Adiga",
	title = "Fast Algorithms for Implementing RSA Public Key
	Cryptosystem",
	journal = "Electronic Letters",
	volume = "21",
	month = aug,
	year = "1985",
	pages = "761"
}

